@misc{fx_trading,
title = {An automated fx trading system using adaptive reinforcement learning},
author = {M.A.H Dempster and V. Leemans},
year = {2004}
}

% Optional fields: author, title, howpublished, month, year, note
@MISC{machine_learning_automated_trading,
    title = {A Machine Learning Approach to Automated Trading},
    author = {Ning Lu},
    year = {2016},
    month = {05},
    day = {09}
}

% Optional fields: author, title, howpublished, month, year, note
@MISC{efficient_implementation_backtesting,
    title={An efficient implementation of the backtesting of trading strategies},
    author={Ni and Jiarui and Chegqi Zhang},
    year={2005}    
}

% Optional fields: author, title, howpublished, month, year, note
@MISC{algorithmic_trading,
    title={Algorithmic Trading: Winning Strategies and Their Rationale ( Wiley Trading Series)},
    author={John Wiley and Sons},
    year={2013}
}

% Optional fields: author, title, howpublished, month, year, note
@MISC{mitchell,
    title={Machine Learning},
    author={Tom Mitchell},
    year={1997}
}

% Optional fields: author, title, howpublished, month, year, note
@MISC{id3,
    title={Descision Tree Learning},
    author={Tom Mitchell},
}

% Optional fields: author, title, howpublished, month, year, note
@MISC{descente_du_gradient_stochastique,
    title = {Online Machine Learning Algorithms For Currency Exchange Prediction},
    author={ Eleftherios Soulas and Dennis Shasha}
}

% Optional fields: author, title, howpublished, month, year, note
@MISC{learning_to_trade,
    title = {Learning to Trade via Direct Reinforcement},
    author={John Moody and Matthew Saffell},
    year={2001},
}

@misc{adadelta,
  title={Adadelta: An adaptive learning rate method},
  author={Matthew D. Zeiler},
  year={2012},
  month={Decembre},
  days={22}
 }

@misc{adagrad,
  title={Adaptive Subgradient Methods for
Online Learning and Stochastic Optimization},
  author={John Duchi, Elad Hazan and Yoram Singer},
  year={2011}
  }
  
@misc{rmsprop,
  title={Neural Networks for Machine Learning},
  author={Geoffrey Hinton, Nitish Srivastava and Kevin Swersky},
}


%%%%%%%%%%%%%%%%%%%%%%%%%%%%%%%%%%%%%%%%%%%%%%%%%%%%%%%%%%%%%%%%%%%%%%%%%%%%%%%%
%%%%%%%%%%%%%%%%%%%%%%%%%%%%%%%%%%%%%%%%%%%%%%%%%%%%%%%%%%%%%%%%%%%%%%%%%%%%%%%%
%%%%%%%%%%%%%%%%%%%%%%%%%%%%%%%%%%%%%%%%%%%%%%%%%%%%%%%%%%%%%%%%%%%%%%%%%%%%%%%%
%%%%%%%%%%%%%%%%%%%%%%%%%%%%%%%%%%%%%%%%%%%%%%%%%%%%%%%%%%%%%%%%%%%%%%%%%%%%%%%%
%%%%%%%%%%%%%%%%%%%%%%%%%%%%%%%%%%%%%%%%%%%%%%%%%%%%%%%%%%%%%%%%%%%%%%%%%%%%%%%%
%%%%%%%%%%%%%%%%%%%%%%%%%%%%%%%%%%%%%%%%%%%%%%%%%%%%%%%%%%%%%%%%%%%%%%%%%%%%%%%%
%%%%%%%%%%%%%%%%%%%%%%%%%%%%%%%%%%%%%%%%%%%%%%%%%%%%%%%%%%%%%%%%%%%%%%%%%%%%%%%%
%%%%%%%%%%%%%%%%%%%%%%%%%%%%%%%%%%%%%%%%%%%%%%%%%%%%%%%%%%%%%%%%%%%%%%%%%%%%%%%%
partie avec url %%%%%%%%%%%%%%%%%%%%%%%%%%%%%%%%%%%%%%%%%%%%%%%%%%%%%%%%%%%%%%%%
%%%%%%%%%%%%%%%%%%%%%%%%%%%%%%%%%%%%%%%%%%%%%%%%%%%%%%%%%%%%%%%%%%%%%%%%%%%%%%%%
%%%%%%%%%%%%%%%%%%%%%%%%%%%%%%%%%%%%%%%%%%%%%%%%%%%%%%%%%%%%%%%%%%%%%%%%%%%%%%%%
%%%%%%%%%%%%%%%%%%%%%%%%%%%%%%%%%%%%%%%%%%%%%%%%%%%%%%%%%%%%%%%%%%%%%%%%%%%%%%%%
%%%%%%%%%%%%%%%%%%%%%%%%%%%%%%%%%%%%%%%%%%%%%%%%%%%%%%%%%%%%%%%%%%%%%%%%%%%%%%%%
%%%%%%%%%%%%%%%%%%%%%%%%%%%%%%%%%%%%%%%%%%%%%%%%%%%%%%%%%%%%%%%%%%%%%%%%%%%%%%%%
%%%%%%%%%%%%%%%%%%%%%%%%%%%%%%%%%%%%%%%%%%%%%%%%%%%%%%%%%%%%%%%%%%%%%%%%%%%%%%%%
%%%%%%%%%%%%%%%%%%%%%%%%%%%%%%%%%%%%%%%%%%%%%%%%%%%%%%%%%%%%%%%%%%%%%%%%%%%%%%%%
%%%%%%%%%%%%%%%%%%%%%%%%%%%%%%%%%%%%%%%%%%%%%%%%%%%%%%%%%%%%%%%%%%%%%%%%%%%%%%%%

@misc{rmsprop_algo,
  title={An overview of gradient descent optimization algorithms},
  author={Sebastian Ruder},
  year={2017},
  howpublished={\url{http://ruder.io/optimizing-gradient-descent/index.html#rmsprop}},
  }
  
@misc{keras,
  title={Keras},
  author={Chollet, Fran\c{c}ois and others},
  year={2015},
  publisher={GitHub},
  howpublished={\url{https://github.com/fchollet/keras}},
}

@misc{real_investors,
    title = "Real investors eclipsed by fast trading",
    author = "Financial Times",
    year = "2012",
    howpublished = "\url{https://www.ft.com/content/da5d033c-8e1c-11e1-bf8f-00144feab49a?mhq5j=e1}"
}

% Optional fields: author, title, howpublished, month, year, note
@MISC{wikipedia_regression,
    title = {Régression statistique},
    author = {Wikipédia},
    howpublished = {\url{https://en.wikipedia.org/wiki/Regression_analysis}}
}

% Optional fields: author, title, howpublished, month, year, note
@MISC{tutorial_neural_net,
    title={Artificial Neural Networks: A Tutorial},
    author={Anil K. Jain and Jianchang Mao and K.M. Mohiuddin},
    howpublished = {\url{http://csc.lsu.edu/~jianhua/nn.pdf}}
}

% Optional fields: author, title, howpublished, month, year, note
@MISC{wikipedia_broker,
    title = {Broker},
    author = {Wikipédia},
    howpublished = {\url{https://en.wikipedia.org/wiki/Broker}}
}

% Optional fields: author, title, howpublished, month, year, note
@MISC{investopedia_bid_ask,
    title={Bid And Asked},
    author={Investopedia},
    howpublished = {\url{http://www.investopedia.com/terms/b/bid-and-asked.asp}}
}

% Optional fields: author, title, howpublished, month, year, note
@MISC{site_fr_forex,
    title = {La règle des trois unités du marché des changes},
    author = {Estelle Mermet},
    howpublished = {\url{http://www.forex.fr/newslist/8696-la-regle-des-trois-unites-du-marche-des-changes}}    
}

% Optional fields: author, title, howpublished, month, year, note
@MISC{marche_des_changes,
    title = {CHAPITRE 1: LE MARCHE DES CHANGES Monnaie et Finance Internationales},
    author = {David Guerreiro},
    howpublished = {\url{https://economix.fr/docs/1045/chap_1_2015-16.pdf}}
}

% Optional fields: author, title, howpublished, month, year, note
@MISC{etalon_or_a_etalon_dollar,
    title={Comment on est passé de l’étalon-or à l’étalon-dollar},
    author={Addison Wiggin},
    howpublished={\url{http://la-chronique-agora.com/etalon-or-etalon-dollar/}}
}

% Optional fields: author, title, howpublished, month, year, note
@MISC{wikipedia_bretten_woods,
    title = {Les Accords de Bretten Woods},
    author={Wikipédia},
    howpublished = {\url{https://fr.wikipedia.org/wiki/Accords_de_Bretton_Woods}}
}

% Optional fields: author, title, howpublished, month, year, note
@MISC{investopedia_backtesting,
    title = {Backtesting},
    author= {Investopedia},
    howpublished = {\url{http://www.investopedia.com/terms/b/backtesting.asp}}
}

% Optional fields: author, title, howpublished, month, year, note
@MISC{introduction_neural_net,
    title={An Introduction to Neural Networks},
    author={Vincent Cheung and Kevin Cannons},
    howpublished={\url{http://www2.econ.iastate.edu/tesfatsi/NeuralNetworks.CheungCannonNotes.pdf}}
}

% Optional fields: author, title, howpublished, month, year, note
@MISC{svm_equation,
    title={Support Vector Machine (and Statistical Learning Theory) Tutorial},
    author={Jason Weston},
    howpublished={\url{http://www.cs.columbia.edu/~kathy/cs4701/documents/jason_svm_tutorial.pdf}}
}

% Optional fields: author, title, howpublished, month, year, note
@MISC{investopedia_option,
    title = {Option},
    author={Investopedia},
    howpublished={\url{http://www.investopedia.com/terms/o/option.asp}}
}


% Optional fields: author, title, howpublished, month, year, note
@MISC{wikipedia_descente_du_gradient,
    title={Algorithme du gradient},
    author={Wikipédia},
    howpublished={\url{https://fr.wikipedia.org/wiki/Algorithme_du_gradient}}
}

% Optional fields: author, title, howpublished, month, year, note
@MISC{wikipedia_svm,
    title={Support vector machine},
    author={Wikipédia},
    howpublished={\url{https://fr.wikipedia.org/wiki/Machine_\%C3\%A0_vecteurs_de_support}}
}

@misc{investopedia_option_europeenne,
  title={European Option},
  author={Investopedia},
  howpublished={\url{http://www.investopedia.com/terms/e/europeanoption.asp}}
}

@misc{investopedia_option_americaine,
  title={American Option},
  author={Investopedia},
  howpublished={\url{http://www.investopedia.com/terms/a/americanoption.asp}}
}

@misc{wikipedia_recherche_lineaire,
  title={Line search},
  author={Wikipedia},
  howpublished={\url{https://en.wikipedia.org/wiki/Line_search}}
}

@misc{ml_petites_donnees,
  title={Learning from Little: Comparison of Classifiers Given Little Training},
  author={George Forman and Ira Cohen},
  howpublished={\url{www.ifp.illinois.edu/~iracohen/publications/precision-ecml04-ColorTR-final.pdf}}
}